@book{SerialisationIntroduction,
	title = {Introduction to Software Security},
	publisher = {University of Wisconsin-Madison},
	year = {2017},
	author = {Loren Kohnfelder, Elisa Heymann, Barton P. Miller},
	timestamp = {28.04.2024},
	url={https://research.cs.wisc.edu/mist/SoftwareSecurityCourse/Chapters/3_5-Serialization.pdf}
}

@book{Performance,
	title = {Performance Comparison of Messaging Protocols
	and Serialization Formats for Digital Twins in IoV},
	publisher = {Link√∂ping University},
	year = {2020},
	author = {Daniel Persson Proos, Niklas Carlsson},
	timestamp = {01.05.2024},
	url=https://www.ida.liu.se/~nikca89/papers/networking20c.pdf}
}
